@misc{cloud,
  title={The Best Cloud Storage and File-Sharing Services for 2019},
  author={Michael Muchmore},
  howpublished = {\url{https://bit.ly/2XUlAfq}},
  note = {Accessed: 2019-07-07}
}

@misc{storage,
  title={Which cloud storage service is right for you?},
  author={Sarah Mitroff},
  howpublished = {\url{https://cnet.co/2emAPbD}},
  note = {Accessed: 2019-07-07}
}

@misc{uu11,
  title={UU RI NO.11 TAHUN 2008 TENTANG INFORMASI DAN TRANSAKSI ELEKTRONIK},
  author={Kominfo},
  howpublished ={\url{https://bit.ly/2T2Dvho}},
  note = {Accessed: 2019-07-07}
}

@inproceedings{Brakerski2014,
 author = {Brakerski, Zvika and Vaikuntanathan, Vinod},
 title = {Lattice-based FHE As Secure As PKE},
 booktitle = {Proceedings of the 5th Conference on Innovations in Theoretical Computer Science},
 series = {ITCS '14},
 year = {2014},
 isbn = {978-1-4503-2698-8},
 location = {Princeton, New Jersey, USA},
 pages = {1--12},
 numpages = {12},
 doi = {10.1145/2554797.2554799},
 acmid = {2554799},
 publisher = {ACM},
 address = {New York, NY, USA},
}

@inproceedings{Ajtai1996,
 author = {Ajtai, M.},
 title = {Generating Hard Instances of Lattice Problems (Extended Abstract)},
 booktitle = {Proceedings of the Twenty-eighth Annual ACM Symposium on Theory of Computing},
 series = {STOC '96},
 year = {1996},
 isbn = {0-89791-785-5},
 location = {Philadelphia, Pennsylvania, USA},
 pages = {99--108},
 numpages = {10},
 doi = {10.1145/237814.237838},
 acmid = {237838},
 publisher = {ACM},
 address = {New York, NY, USA},
} 

@article{Goldreich1996,
  title={Collision-Free Hashing from Lattice Problems},
  author={Goldreich, Oded and Goldwasser, Shafi and Halevi, Shai},
  journal={IACR Cryptology ePrint Archive},
  volume={1996},
  pages={9},
  year={1996}
}

@InProceedings{Goldreich1997,
author="Goldreich, Oded and Goldwasser, Shafi and Halevi, Shai",
editor="Kaliski, Burton S.",
title="Public-key cryptosystems from lattice reduction problems",
booktitle="Advances in Cryptology --- CRYPTO '97",
year="1997",
publisher="Springer Berlin Heidelberg",
address="Berlin, Heidelberg",
pages="112--131",
isbn="978-3-540-69528-8",
doi = "10.1007/BFb0052231",
}

@InProceedings{Hoffstein1998,
author="Hoffstein, Jeffrey and Pipher, Jill and Silverman, Joseph H.",
editor="Buhler, Joe P.",
title="NTRU: A ring-based public key cryptosystem",
booktitle="Algorithmic Number Theory",
year="1998",
publisher="Springer Berlin Heidelberg",
address="Berlin, Heidelberg",
pages="267--288",
isbn="978-3-540-69113-6",
doi="10.1007/BFb0054868",
}

@INPROCEEDINGS{Chauhan2017, 
author={S. {Chauhan} and {Jyotsna} and J. {Kumar} and A. {Doegar}}, 
booktitle={2017 3rd International Conference on Computational Intelligence Communication Technology (CICT)}, 
title={Multiple layer text security using variable block size cryptography and image steganography}, 
year={2017}, 
volume={}, 
number={}, 
pages={1-7}, 
doi={10.1109/CIACT.2017.7977303}, 
ISSN={}, 
month={Feb},}

@INPROCEEDINGS{Budianto2019,
author="Budianto, Christofer Derian and Wicaksana, Arya and Hansun, Seng",
editor="Lee, Roger",
title="Elliptic Curve Cryptography and LSB Steganography for Securing Identity Data",
bookTitle="Applied Computing and Information Technology",
year="2019",
publisher="Springer International Publishing",
address="Cham",
pages="111--127",
doi="10.1007/978-3-030-25217-5\_9",
}

@article{Saxena2018,
  title={Design and Development of Image Security Technique by Using Cryptography and Steganography: A Combine Approach},
  author={Saxena, Aumreesh Kumar and Sinha, Sitesh and Shukla, Piyush},
  journal={International Journal of Image, Graphics and Signal Processing},
  volume={10},
  number={4},
  pages={13},
  year={2018},
  publisher={Modern Education and Computer Science Press},
  doi = {10.5815/ijigsp.2018.04.02},
  ISSN={2074-9082},
}

@INPROCEEDINGS{Mittal2016, 
author={S. {Mittal} and S. {Arora} and R. {Jain}}, 
booktitle={2016 1st India International Conference on Information Processing (IICIP)}, 
title={PData security using RSA encryption combined with image steganography}, 
year={2016}, 
volume={}, 
number={}, 
pages={1-5},
doi={10.1109/IICIP.2016.7975347}, 
ISSN={}, 
month={Aug},}

@INPROCEEDINGS{Patel2016, 
author={N. {Patel} and S. {Meena}}, 
booktitle={2016 International Conference on Emerging Trends in Communication Technologies (ETCT)}, 
title={LSB based image steganography using dynamic key cryptography}, 
year={2016}, 
volume={}, 
number={}, 
pages={1-5},
doi={10.1109/ETCT.2016.7882955}, 
ISSN={}, 
month={Nov},}

@INPROCEEDINGS{Joshi2015, 
author={K. {Joshi} and R. {Yadav}}, 
booktitle={2015 Third International Conference on Image Information Processing (ICIIP)}, 
title={A new LSB-S image steganography method blend with Cryptography for secret communication}, 
year={2015}, 
volume={}, 
number={}, 
pages={86-90},
doi={10.1109/ICIIP.2015.7414745}, 
ISSN={}, 
month={Dec},}

@INPROCEEDINGS{Phadte2017, 
author={R. S. {Phadte} and R. {Dhanaraj}}, 
booktitle={2017 International Conference on Computing Methodologies and Communication (ICCMC)}, 
title={Enhanced blend of image steganography and cryptography}, 
year={2017}, 
volume={}, 
number={}, 
pages={230-235},
doi={10.1109/ICCMC.2017.8282682}, 
ISSN={}, 
month={July},}

@INPROCEEDINGS{Rachmawanto2017, 
author={E. H. {Rachmawanto} and R. S. {Amin} and D. R. I. M. {Setiadi} and C. A. {Sari}}, 
booktitle={2017 International Seminar on Application for Technology of Information and Communication (iSemantic)}, 
title={A performance analysis StegoCrypt algorithm based on LSB-AES 128 bit in various image size}, 
year={2017}, 
volume={}, 
number={}, 
pages={16-21}, 
doi={10.1109/ISEMANTIC.2017.8251836}, 
ISSN={}, 
month={Oct},}

@article{Reddy2016,
title = "Secured Data Transmission Using Wavelet Based Steganography and Cryptography by Using AES Algorithm",
journal = "Procedia Computer Science",
volume = "85",
pages = "62 - 69",
year = "2016",
note = "International Conference on Computational Modelling and Security (CMS 2016)",
issn = "1877-0509",
doi = "https://doi.org/10.1016/j.procs.2016.05.177",
author = "M. Indra Sena Reddy and A.P. Siva Kumar",
}

@INPROCEEDINGS{Bukhari2016, 
author={S. {Bukhari} and M. S. {Arif} and M. R. {Anjum} and S. {Dilbar}}, 
booktitle={2016 Sixth International Conference on Innovative Computing Technology (INTECH)}, 
title={Enhancing security of images by Steganography and Cryptography techniques}, 
year={2016}, 
volume={}, 
number={}, 
pages={531-534},
doi={10.1109/INTECH.2016.7845050}, 
ISSN={}, 
month={Aug},}

@article{Alotaibi2019,
  title={Secure Mobile Computing Authentication Utilizing Hash, Cryptography and Steganography Combination},
  author={Alotaibi, Muneera and Al-hendi, Daniah and Alroithy, Budoor and AlGhamdi, Manal and Gutub, Adnan},
  journal={Journal of Information Security and Cybercrimes Research (JISCR)},
  volume={2},
  number={1},
  year={2019},
  doi = {10.26735/16587790.2019.001},
  ISSN={1658-7790},
}

@INPROCEEDINGS{Abood2017, 
author={M. H. {Abood}}, 
booktitle={2017 Annual Conference on New Trends in Information Communications Technology Applications (NTICT)}, 
title={An efficient image cryptography using hash-LSB steganography with RC4 and pixel shuffling encryption algorithms}, 
year={2017}, 
volume={}, 
number={}, 
pages={86-90},
doi={10.1109/NTICT.2017.7976154}, 
ISSN={}, 
month={March},}

@inproceedings{Bloisi2007,
  title={Image based steganography and cryptography},
  author={Bloisi, Domenico Daniele and Iocchi, Luca},
  booktitle={VISAPP (1)},
  pages={127--134},
  year={2007},
  organization={Citeseer}
}

@article{Narayana2010,
  title={Two new approaches for secured image steganography using cryptographic techniques and type conversions},
  author={Narayana, Sujay and Prasad, Gaurav},
  journal={Signal \& Image Processing: An International Journal (SIPIJ)},
  volume={1},
  number={2},
  year={2010},
  doi={10.5121/sipij.2010.1206},
  ISSN={0976-710X},
}